
@online{noauthor_cube_nodate,
	title = {The {Cube} {Rule}},
	url = {https://cuberule.com/},
	abstract = {Identify your food based on the location of structural starch. Is a hot dog a sandwich? No, it's clearly a taco.},
	author = {@indirect},
	urldate = {2023-10-17},
}

online{nast_lasagna_nodate,
	title = {Lasagna {Bolognese}},
	url = {https://www.epicurious.com/recipes/food/views/lasagne-bolognese-51193620},
	language = {en-US},
	urldate = {2023-10-17},
	journal = {Epicurious},
	author = {Nast, Cond√©},
}

@online{noauthor_matttomic_nodate,
	title = {The Sandwich Alignment Chart},
	url = {https://twitter.com/matttomic/status/859117370455060481},
	author = {@matttomic},
	language = {en-GB},
	urldate = {2023-10-17},
	journal = {X (formerly Twitter)},
}

@online{noauthor_phosphatide_nodate,
	title = {The Cube Rule},
	author = {@Phosphatide},
	url = {https://twitter.com/Phosphatide/status/974067376894328833},
	language = {en-GB},
	urldate = {2023-10-17},
	journal = {X (formerly Twitter)},
}

@online{imgur_classic_nodate,
	title = {Classic Sandwiches},
	url = {https://imgur.com/a/R2Hru},
	language = {en},
	urldate = {2023-10-17},
	journal = {Imgur},
	author = {Nathan W. Pyle},
}

@online{ethaniel_english_2020,
	title = {{Algebraic} structures between magmas and groups},
	url = {https://commons.wikimedia.org/wiki/File:Algebraic_structures_-_magma_to_group.svg},
	urldate = {2023-10-18},
	author = {Wikimedia Commons},
	collaborator = {{Ethaniel}},
	month = dec,
	year = {2020},
}


@online{garfield,
	title = {File:{Garfield} the {Cat}.svg},
	copyright = {Creative Commons Attribution-ShareAlike License},
	author = {Wikimedia Commons},
	url = {https://en.wikipedia.org/w/index.php?title=File:Garfield_the_Cat.svg&oldid=1177693632},
	language = {en},
	urldate = {2023-10-18},
	journal = {Wikipedia},
	month = sep,
	year = {2023},
}

@online{garfield_lasagna,
	title = {Garfield Loves Lasagna (food)},
author = {Jim Davis},
	url = {https://garfield.fandom.com/wiki/Lasagna_(food)},
	abstract = {Lasagna is an Italian dish and Garfield's favorite food. It was first shown on the July 15th of 1978 comic strip, where Garfield described lasagna as "nature's most perfect food." Lasagna appears occasionally throughout the comic strip. It appears regularly in Garfield and Friends; it is available at locations such as the Short Branch Cafe and Momma's Pizzeria. In Garfield: The Movie, Garfield eats all four boxes of Jon Arbuckle's lasagna. He later eats some after falling into a truck of it. In},
	language = {en},
	urldate = {2023-10-18},
	journal = {Garfield Wiki},
}
